2737 4694
883 349 1455 436 Pramnio,
1684 345 1725 388 ’·
1773 321 1781 336 ’
2086 380 2183 443 17,
2284 411 2287 414 ,

186 553 246 607 et
279 542 409 608 hac
442 541 514 606 in
543 559 657 604 're-
680 537 942 604 lectoris
985 539 1056 602 in
1104 522 1526 626 inquirendis
1563 537 1777 605 citatis
1817 539 2177 610 tolleretur

183 627 552 707 fastidium,
609 623 910 708 singulos
963 625 1173 713 libros
1221 626 1298 690 in
1406 626 1591 690 lures
1630 622 1995 714 particulas
2036 629 2199 694 mi·-

181 735 410 794 uooes,
469 709 778 776 numeris
833 709 1214 774 minoribus
1271 645 1401 774 adp
1425 730 1615 774 oram
1659 721 1893 775 textus
1934 711 2190 780 Graeci.

185 819 384 880 aeque
424 807 498 861 at
539 815 630 860 ue
671 792 892 859 Latini
935 794 1150 860 adseri
1203 792 1309 876 tis,
1355 790 1864 881 dispescuimus,
1908 797 2182 864 omnia-

181 905 307 969 que
345 882 424 947 in
463 903 504 945 ο
554 879 1042 960 servationibus
1083 881 1148 944 al
1175 889 1386 963 egata,
1431 899 1607 964 quae
1646 880 1811 945 olim
1854 880 1941 946 ad
1969 881 2179 968 libros

185 981 248 1033 et
287 965 504 1053 capita
545 974 617 1029 at
665 985 753 1028 ue
791 965 1122 1030 sectiones
1165 963 1659 1042 referebantur,
1706 963 1793 1030 ad
1833 980 2181 1052 segmenta

183 1053 318 1142 (sic
339 1078 346 1082 ·
368 1051 550 1115 enim
609 985 1056 1117 distinotionis
1098 1071 1302 1113 causa
1341 1049 1687 1147 appellare
1728 1072 1837 1114 eas
1879 1052 2181 1139 placuit)

179 1136 666 1204 revocavimus.-
754 1133 846 1200 Et
901 1135 996 1199 sic
1049 1133 1327 1221 quidem
1388 1154 1567 1200 circa
1620 1145 1889 1201 textum
1942 1137 2181 1226 ipsum

181 1220 636 1288 versabamur.
725 1220 1044 1284 Ceterum
1103 1218 1282 1305 quod
1335 1219 1477 1286 iam
1520 1217 2023 1287 observationes
2065 1233 2183 1288 at-

179 1311 386 1383 tinet,
433 1317 636 1394 atque
675 1304 810 1370 alia
853 1303 1182 1382 subsidia,
1225 1303 1468 1392 quibus
1560 1315 1867 1372 raeterea
1908 1305 2013 1370 usi
2054 1327 2181 1372 sud

177 1413 350 1470 mus,
393 1390 482 1454 de
521 1391 607 1455 iis
647 1389 1000 1473 sequentia
1037 1389 1288 1479 accipe.
1375 1391 1480 1454 De
1506 1455 1508 1457 ,
1530 1391 1711 1456 imus
1748 1389 2003 1455 scilicet
2042 1413 2181 1456 no-

179 1491 278 1544 tas
321 1475 551 1544 Seberi
596 1485 664 1538 et
703 1472 1064 1540 Gualtheri
1104 1475 1353 1560 'quales
1396 1473 1472 1539 in
1516 1473 1748 1541 Seberi
1788 1473 2181 1542 invenimus
2250 1520 2263 1534 .

179 1561 472 1626 editione
513 1559 806 1646 integras
822 1603 842 1632 ,
903 1557 1164 1646 priores
1218 1559 1592 1639 nimirum,
1656 1569 1727 1624 et
1762 1561 2181 1649 posteriores

182 1649 266 1713 ad
312 1645 956 1733 interpretationem.
1043 1643 1270 1728 thue
1321 1667 1405 1730 eo
1454 1642 1723 1710 facilius
1763 1659 1933 1732 typo
1980 1645 2182 1732 taphi
2280 1713 2285 1718 ,
2346 1679 2349 1686 -

179 1733 412 1808 παῖδες
453 1728 755 1816 quaesita
791 1726 1206 1810 invenirent,
1247 1728 1591 1824 prioribus
1630 1730 1811 1795 notis
1854 1727 1942 1795 Se
1988 1775 2007 1792 .
2046 1753 2183 1818 po·-

179 1815 574 1882 sterioribus
631 1811 782 1880 seh.
841 1821 902 1881 2.
981 1811 1425 1878 distinctionis
1494 1835 1695 1880 causa
1747 1817 1821 1882 in
1878 1816 2181 1900 catalogo

179 1913 507 1968 notarum
548 1897 1056 1984 adscripserant,
1100 1897 1441 1982 simulque
1486 1911 1567 1966 ut
1608 1919 1766 1964 cum
1808 1900 1882 1964 in
1925 1895 2185 1986 prioris·

180 1989 306 2054 bus
319 2033 348 2066 ,
413 1998 560 2050 turn
619 2005 788 2047 vero
847 1980 1338 2068 posterioribus
1392 2003 1530 2047 non
1586 1984 1718 2047 nisi
1771 1983 2007 2050 Seberi
2050 2007 2184 2050 uo-

183 2093 346 2140 men
367 2119 387 2154 ,
442 2067 690 2134 omisso
733 2087 1018 2131 numero
1061 2065 1380 2146 denario¹‚
1456 2066 1641 2156 typis
1700 2068 2179 2150 exscriberent,

181 2175 624 2222 monueram:
727 2153 988 2219 Verum
1061 2150 1266 2216 etiam
1319 2150 1552 2219 invitis
1605 2151 1831 2235 nobis,
1909 2165 1981 2218 et
2034 2152 2187 2220 fere

183 2265 330 2308 non
375 2239 624 2324 ubique
665 2236 784 2302 hic
821 2255 1150 2300 numerus
1188 2234 1495 2324 irrepsit,
1548 2247 1616 2301 et
1658 2235 1926 2303 additus
1968 2237 2055 2304 ab
2098 2261 2190 2304 o-

181 2326 380 2417 peris·
425 2325 498 2391 iu
555 2319 852 2389 editione
909 2321 1040 2387 hac
1081 2321 1471 2409 permansit.
1560 2321 1679 2389 His
1722 2323 1959 2393 Seberi
2003 2324 2193 2391 curis*
2284 2345 2289 2358 ·

183 2409 708 2502 superaddimus
809 2407 1373 2473 commentarium
1469 2407 1889 2475 luculentum
1982 2420 2191 2508 atque

183 2507 645 2587 perpetuum,
697 2514 828 2557 nec
865 2512 1168 2574 uuquam
1215 2490 1500 2557 antehac
1540 2494 1795 2560 editum
1840 2492 2193 2561 clarissimi

185 2580 416 2649 nostri
457 2578 778 2645 Iohannis
821 2574 1142 2643 loachimi
1184 2575 1507 2657 Kuehnii,
1552 2578 1717 2642 dum
1760 2578 2235 2667 viveret‚Ar-.

185 2665 532 2755 gentos-ati
601 2664 1022 2749 Linguarum,
1081 2659 1532 2727 Orientalium
1590 2662 1985 2730 Professoris
2050 2664 2195 2729 Pu·-

191 2752 361 2819 blici
405 2761 610 2835 atque
649 2746 996 2813 ordinarii
1016 2788 1035 2819 .
1079 2744 1445 2811 decessoris
1486 2746 1625 2811 mei
1664 2760 1871 2835 atque
1912 2770 2199 2849 praece-

187 2834 414 2939 pteris
470 2828 1035 2899 aestumatissimi.
1155 2831 1285 2898 Cui
1345 2844 1680 2915 quantum
1732 2854 1848 2899 res
1892 2831 2200 2899 literaria.

188 2946 269 2990 in
313 2916 806 2986 humaniorum
848 2915 1204 2982 literarum
1245 2914 1507 2997 studiis,
1551 2917 1852 2983 Graecae
1888 2938 2200 3006 praeser-

193 3008 326 3073 tim
374 3005 468 3070 lin
517 3022 674 3084 uae,
737 3000 1196 3099 strepentibus
1235 3000 1399 3067 licet
1439 3012 1509 3067 et
1548 3002 1970 3088 ringentibus
2012 3001 2202 3085 invi-‚-

194 3092 302 3156 dis
321 3135 344 3164 ‚
389 3089 476 3153 de
527 3100 668 3165 eat,
711 3086 1014 3151 eruditus
1049 3086 1267 3150 lector
1305 3106 1393 3151 ex
1436 3084 1582 3151 eius
1619 3086 1883 3187 scriptis
1922 3086 2201 3174 reliquis

189 3178 350 3265 ipse
394 3171 798 3263 perpendet,
859 3180 928 3235 et
977 3168 1518 3258 incomparabilis
1554 3172 1689 3237 ·hic
1740 3196 1813 3237 m
1856 3173 2201 3238 Pollucem
2223 3178 2307 3248 16

189 3262 400 3327 labor
425 3257 726 3322 =abunde
782 3254 1168 3321 declarabit.
1279 3256 1457 3320 Usus
1514 3268 1661 3322 erat
1703 3256 1812 3322 hic
1853 3255 1965 3323 vir
2000 3273 2211 3345 'prae-

197 3342 630 3411 clarissimus
671 3341 743 3405 in
784 3338 1227 3405 emacula-ndo
1261 3340 1537 3405 Polluce
1560 3352 1762 3425 atque
1802 3342 2209 3431 explicando

193 3430 570 3516 excerptis·
603 3424 846 3493 codicis
890 3424 1232 3506 Vossiani‚
1291 3446 1462 3511 quae
1520 3424 1921 3492 bibliotheca
1977 3425 2216 3514 publi-

195 3540 290 3582 ca.
337 3510 807 3599 Lugdunensis
847 3511 1082 3577 BataV.
1143 3532 1300 3575 cum
1345 3509 1495 3575 aliis
1535 3513 1894 3597 κειμηλίοις
1934 3510 2215 3599 egregiis

197 3608 570 3675 asservan-
634 3606 702 3661 et
773 3593 1110 3680 excerptis
1169 3594 1455 3673 valesii,
1522 3608 1590 3661 et
1672 3596 1917 3663 codicis
1978 3594 2218 3683 scripti

197 3676 746 3769 Antwerpieusis
786 3692 990 3765 atque
1030 3690 1384 3767 praeterea
1422 3678 1525 3763 iis,
1570 3700 1747 3765 quae
1792 3678 2216 3745 doctissimus

200 3771 317 3834 cl.
349 3790 362 3811 =
389 3764 754 3833 Salmasius
815 3761 1028 3829 codici
1047 3770 1052 3779 '
1071 3783 1194 3829 suo
1253 3784 1341 3829 ex
1395 3764 1603 3831 variis
1658 3786 1865 3831 manu
1923 3763 2219 3831 exaratis

201 3852 411 3921 libris
455 3862 660 3937 atque
699 3848 968 3936 ingenio
1009 3848 1413 3939 quandoque
1453 3846 1914 3938 adscripscrat.
1987 3849 2223 3939 Quem
2294 3922 2301 3929 .

206 3936 544 4005 samnii
595 3932 896 4001 codicem
952 3953 1108 3997 cum
1162 3933 1237 3999 in
1294 3933 1569 3999 edendo
1607 3934 1879 4001 Polluce
1931 3956 2225 4024 occupa-

205 4044 373 4104 rer,
431 4043 506 4105 ce
529 4018 907 4085 ebert-imus
947 4018 1062 4081 vir
1101 4019 1250 4084 Iob‘.
1295 4018 1629 4105 Georgius
1671 4016 2045 4097 Graevius,
2149 4040 2225 4085 ro

207 4106 488 4193 singula
525 4105 572 4185 i¹
606 4124 770 4186 suo.
828 4124 964 4191 quo
1007 4122 1164 4192 erga
1203 4102 1435 4173 Musas
1474 4104 1917 4179 humaniores
1958 4104 2101 4175 fere
2150 4125 2245 4177 u-,

289 4225 494 4281 Pollux
533 4223 654 4280 Vol.
689 4226 740 4276 1.
1684 4264 1687 4267 .
1771 4208 1817 4275 b
